@article{breiman2001random,
  title={Random forests},
  author={Breiman, Leo},
  journal={Machine learning},
  volume={45},
  number={1},
  pages={5--32},
  year={2001},
  publisher={Springer}
}

@article{extratrees,
  title={Extremely randomized trees},
  author={Geurts, Pierre and Ernst, Damien and Wehenkel, Louis},
  journal={Machine learning},
  volume={63},
  number={1},
  pages={3--42},
  year={2006},
  publisher={Springer}
}

@inproceedings{l1basedcomp,
  title={L1-based compression of random forest models},
  author={Joly, Arnaud and Schnitzler, Fran{\c{c}}ois and Geurts, Pierre and Wehenkel, Louis},
  booktitle={20th European Symposium on Artificial Neural Networks},
  year={2012}
}


@inproceedings{domingos1997oracle,
  title={Knowledge acquisition from examples via multiple models},
  author={Domingos, Pedro},
  booktitle={Machine learning-international workshop then conference},
  pages={98--106},
  year={1997},
  organization={Morgan Kaufmann publishers, INC.}
}

@article{menke2009oracle,
  title={Artificial neural network reduction through oracle learning},
  author={Menke, Joshua E and Martinez, Tony R},
  journal={Intelligent Data Analysis},
  volume={13},
  number={1},
  pages={135--149},
  year={2009},
  publisher={IOS Press}
}

@inproceedings{tsoumakas2008enspruning,
  title={A taxonomy and short review of ensemble selection},
  author={Tsoumakas, Grigorios and Partalas, Ioannis and Vlahavas, Ioannis},
  booktitle={ECAI 2008, workshop on supervised and unsupervised ensemble methods and their applications},
  pages={41--46},
  year={2008}
}

@article{rokach2016enspruning,
  title={Decision forest: Twenty years of research},
  author={Rokach, Lior},
  journal={Information Fusion},
  volume={27},
  pages={111--125},
  year={2016},
  publisher={Elsevier}
}

@article{breiman1999pasting,
  title={Pasting small votes for classification in large databases and on-line},
  author={Breiman, Leo},
  journal={Machine Learning},
  volume={36},
  number={1-2},
  pages={85--103},
  year={1999},
  publisher={Springer}
}

@article{meinshausen2009forestgarrote,
  title={Forest garrote},
  author={Meinshausen, Nicolai and others},
  journal={Electronic Journal of Statistics},
  volume={3},
  pages={1288--1304},
  year={2009},
  publisher={The Institute of Mathematical Statistics and the Bernoulli Society}
}

@inproceedings{ren2015glorefinement,
  title={Global refinement of random forest},
  author={Ren, Shaoqing and Cao, Xudong and Wei, Yichen and Sun, Jian},
  booktitle={Proceedings of the IEEE Conference on Computer Vision and Pattern Recognition},
  pages={723--730},
  year={2015}
}

@inproceedings{vleeschouwer2015mitimemreq,
  title={Mitigating memory requirements for random trees/ferns},
  author={De Vleeschouwer, Christophe and Legrand, Anthony and Jacques, Laurent and Hebert, Martial},
  booktitle={Image Processing (ICIP), 2015 IEEE International Conference on},
  pages={227--231},
  year={2015},
  organization={IEEE}
}

@article{elisha2016wavelet,
  title={Wavelet decompositions of Random Forests-smoothness analysis, sparse approximation and applications},
  author={Elisha, Oren and Dekel, Shai},
  journal={Journal of Machine Learning Research},
  volume={17},
  number={198},
  pages={1--38},
  year={2016}
}

@book{hastie2009,
  title={The elements of statistical learning},
  author={Friedman, Jerome and Hastie, Trevor and Tibshirani, Robert},
  volume={1},
  year={2001},
  publisher={Springer series in statistics Springer, Berlin}
}

@article{zhu2009multiadaboost,
  title={Multi-class adaboost},
  author={Zhu, Ji and Zou, Hui and Rosset, Saharon and Hastie, Trevor},
  journal={Statistics and its Interface},
  volume={2},
  number={3},
  pages={349--360},
  year={2009}
}

@inproceedings{vens2011random,
  title={Random forest based feature induction},
  author={Vens, Celine and Costa, Fabrizio},
  booktitle={Data Mining (ICDM), 2011 IEEE 11th International Conference on},
  pages={744--753},
  year={2011},
  organization={IEEE}
}

@inproceedings{shotton2013jungle,
  title={Decision jungles: Compact and rich models for classification},
  author={Shotton, Jamie and Sharp, Toby and Kohli, Pushmeet and Nowozin, Sebastian and Winn, John and Criminisi, Antonio},
  booktitle={Advances in Neural Information Processing Systems},
  pages={234--242},
  year={2013}
}

@article{peterson2009dag,
  title={Reducing Decision Tree Ensemble Size Using Parallel Decision DAGS},
  author={Peterson, Adam H and Martinez, Tony R},
  journal={International Journal on Artificial Intelligence Tools},
  volume={18},
  number={04},
  pages={613--620},
  year={2009},
  publisher={World Scientific}
}

@article{johnson2014regforest,
  title={Learning nonlinear functions using regularized greedy forest},
  author={Johnson, Rie and Zhang, Tong},
  journal={IEEE transactions on pattern analysis and machine intelligence},
  volume={36},
  number={5},
  pages={942--954},
  year={2014},
  publisher={IEEE}
}
